% This file was created with JabRef 2.10.
% Encoding: Cp1252


@Article{freeman2000visualizing,
  Title                    = {Visualizing social networks},
  Author                   = {Freeman, Linton C},
  Journal                  = {Journal of social structure},
  Year                     = {2000},
  Number                   = {1},
  Pages                    = {4},
  Volume                   = {1}
}

